@mastersthesis{tssarbete,
  title={Programmering som undervisningsverktyg f{\"o}r Transformer, signaler och system. Utvecklingen av l{\"a}romaterialet TSS med DSL},
  author={Jonsson, Jacob and Ngo, Peter and Rosvall, Cecilia and Lindahl, Filip and Olsson, Joakim},
  type={{B.S.} thesis},
  year={2016},
  url={https://odr.chalmers.se/bitstream/20.500.12380/243894/1/243894.pdf}
}

@mastersthesis{fysikarbete,
  title={Ett komplementerande l{\"a}romaterial f{\"o}r datastudenter som l{\"a}r sig fysik-L{\"a}romaterialet Learn You a Physics for Great Good!},
  author={Johansson, Johan and Lundstr{\"o}m, Oskar and Sj{\"o}str{\"o}m, Erik and Werner, Bj{\"o}rn},
  type={BSc thesis},
  year={2018},
  url={https://odr.chalmers.se/bitstream/20.500.12380/256122/1/256122.pdf}
}

@website{reglerprotokoll,
    title={Kursnämndsprotokoll ERE103},
    url={https://document.chalmers.se/doc/ddfd9ba3-5bac-4cd8-ab58-655e1d7ee7fb}, 
    year = {2019}
}

@misc{matlab_control,
    title={Mathworks - Control System Toolbox},
    url={https://se.mathworks.com/products/control.html}, 
    year = {1994-2020}
}

@article{mernik_heering_sloane_2005, 
    title={When and how to develop domain-specific languages}, 
    volume={37},
    DOI={10.1145/1118890.1118892}, number={4}, journal={ACM Computing Surveys}, author={Mernik, Marjan and Heering, Jan and Sloane, Anthony M.},
    year={2005},
    month={Jan},
    pages={316–344}}
    
@website{exam_stat_regler,
    title={Exam statistics ERE103},
    url={http://tenta.bowald.se/#/search/statistics/ERE103/chart}, 
    year = {2020}
}

@website{ERE103,
    title={Reglerteknik},
    url={https://student.portal.chalmers.se/en/chalmersstudies/courseinformation/Pages/SearchCourse.aspx?course_id=27699&parsergrp=3}, 
    year = {2018}
}

@website{DAT326,
    title={DSLofMATH},
    url={https://student.portal.chalmers.se/en/chalmersstudies/courseinformation/Pages/SearchCourse.aspx?course_id=27332&parsergrp=3}, 
    year = {2018}
}

@website{SSY080,
    title={Transformer, signaler och system},
    url={https://student.portal.chalmers.se/sv/chalmersstudier/minkursinformation/Sidor/SokKurs.aspx?course_id=28314&parsergrp=3}, 
    year = {2018}
}

@website{TIF085,
    title={Fysik för ingenjörer},
    url={https://student.portal.chalmers.se/sv/chalmersstudier/minkursinformation/Sidor/SokKurs.aspx?course_id=27951&parsergrp=3}, 
    year = {2018}
}

@article{DSLofMathResults, 
    title={Examples \and Results from a BSc-level Course on
    Domain Specific Languages of Mathematics}, 
     author={Jansson, Patrik and Halla Einarsdottir, Solrun and Lonescu, Ceazar},
    year={2019},
    month={Jun}}
@article{Jansson_2019,
   title={Examples and Results from a BSc-level Course on Domain Specific Languages of Mathematics},
   volume={295},
   ISSN={2075-2180},
   url={http://dx.doi.org/10.4204/EPTCS.295.6},
   DOI={10.4204/eptcs.295.6},
   journal={Electronic Proceedings in Theoretical Computer Science},
   publisher={Open Publishing Association},
   author={Jansson, Patrik and Einarsdóttir, Sólrún Halla and Ionescu, Cezar},
   year={2019},
   month={Jun},
   pages={79--90}
}    
@article{Ionescu_2016,
   title={Domain-Specific Languages of Mathematics:    Presenting Mathematical Analysis Using Functional Programming},
   volume={230},
   ISSN={2075-2180},
   url={http://dx.doi.org/10.4204/EPTCS.230.1},
   DOI={10.4204/eptcs.230.1},
   journal={Electronic Proceedings in Theoretical Computer Science},
   publisher={Open Publishing Association},
   author={Ionescu, Cezar and Jansson, Patrik},
   year={2016},
   month={Nov},
   pages={1--15}
}

@website{data_program_blad_2018,
    title={Computer Science programme leaflet}, 
    url={https://student.portal.chalmers.se/sv/chalmersstudier/programinformation/Sidor/SokProgramutbudet.aspx?program_id=1539&grade=3&conc_id=-1&parsergrp=1}, 
    publisher={Chalmers}, 
    year={2018}, 
    month={Jan}
}
